<record><leader>00000cas a22000007a 4500</leader><controlfield tag="001">13550228</controlfield><controlfield tag="008">860509d19241959wiuwr ne      0    0eng d</controlfield><datafield ind1=" " ind2=" " tag="010"><subfield code="a">sn 86086203 </subfield></datafield><datafield ind1=" " ind2=" " tag="040"><subfield code="a">NPV</subfield><subfield code="b">eng</subfield><subfield code="c">NPV</subfield><subfield code="d">OCLCQ</subfield></datafield><datafield ind1=" " ind2=" " tag="042"><subfield code="a">msc</subfield></datafield><datafield ind1="0" ind2="0" tag="245"><subfield code="a">Buffalo County republican.</subfield></datafield><datafield ind1=" " ind2=" " tag="260"><subfield code="a">Fountain City, Wis. :</subfield><subfield code="b">J. Landwehr,</subfield><subfield code="c">1924-1959.</subfield></datafield><datafield ind1=" " ind2=" " tag="300"><subfield code="a">v.</subfield></datafield><datafield ind1=" " ind2=" " tag="310"><subfield code="a">Weekly</subfield></datafield><datafield ind1="0" ind2=" " tag="362"><subfield code="a">Vol. 63, no. 22 (Feb. 7, 1924)-v. 98, no. 48 (Sept. 3, 1959).</subfield></datafield><datafield ind1=" " ind2=" " tag="500"><subfield code="a">Publisher varies.</subfield></datafield><datafield ind1=" " ind2=" " tag="525"><subfield code="a">Supplements accompany some issues.</subfield></datafield><datafield ind1=" " ind2=" " tag="752"><subfield code="a">United States</subfield><subfield code="b">Wisconsin</subfield><subfield code="c">Buffalo</subfield><subfield code="d">Fountain City.</subfield></datafield><datafield ind1="0" ind2="0" tag="780"><subfield code="t">Buffalo County republikaner (Fountain City, Wis. : 1894)</subfield><subfield code="w">(DLC)sn 86086202</subfield></datafield><datafield ind1="0" ind2="7" tag="785"><subfield code="t">Cochrane recorder</subfield><subfield code="w">(DLC)sn 87082045</subfield></datafield><datafield ind1="0" ind2="7" tag="785"><subfield code="t">Cochrane-Fountain City recorder</subfield><subfield code="w">(DLC)sn 87082046</subfield></datafield></record>